%YAML 1.1
%TAG !u! tag:unity3d.com,2011:
--- !u!29 &1
OcclusionCullingSettings:
  m_ObjectHideFlags: 0
  serializedVersion: 2
  m_OcclusionBakeSettings:
    smallestOccluder: 5
    smallestHole: 0.25
    backfaceThreshold: 100
  m_SceneGUID: 00000000000000000000000000000000
  m_OcclusionCullingData: {fileID: 0}
--- !u!104 &2
RenderSettings:
  m_ObjectHideFlags: 0
  serializedVersion: 9
  m_Fog: 0
  m_FogColor: {r: 0.5, g: 0.5, b: 0.5, a: 1}
  m_FogMode: 3
  m_FogDensity: 0.01
  m_LinearFogStart: 0
  m_LinearFogEnd: 300
  m_AmbientSkyColor: {r: 0.212, g: 0.227, b: 0.259, a: 1}
  m_AmbientEquatorColor: {r: 0.114, g: 0.125, b: 0.133, a: 1}
  m_AmbientGroundColor: {r: 0.047, g: 0.043, b: 0.035, a: 1}
  m_AmbientIntensity: 1
  m_AmbientMode: 3
  m_SubtractiveShadowColor: {r: 0.42, g: 0.478, b: 0.627, a: 1}
  m_SkyboxMaterial: {fileID: 0}
  m_HaloStrength: 0.5
  m_FlareStrength: 1
  m_FlareFadeSpeed: 3
  m_HaloTexture: {fileID: 0}
  m_SpotCookie: {fileID: 10001, guid: 0000000000000000e000000000000000, type: 0}
  m_DefaultReflectionMode: 0
  m_DefaultReflectionResolution: 128
  m_ReflectionBounces: 1
  m_ReflectionIntensity: 1
  m_CustomReflection: {fileID: 0}
  m_Sun: {fileID: 0}
  m_IndirectSpecularColor: {r: 0, g: 0, b: 0, a: 1}
  m_UseRadianceAmbientProbe: 0
--- !u!157 &3
LightmapSettings:
  m_ObjectHideFlags: 0
  serializedVersion: 12
  m_GIWorkflowMode: 1
  m_GISettings:
    serializedVersion: 2
    m_BounceScale: 1
    m_IndirectOutputScale: 1
    m_AlbedoBoost: 1
    m_EnvironmentLightingMode: 0
    m_EnableBakedLightmaps: 0
    m_EnableRealtimeLightmaps: 0
  m_LightmapEditorSettings:
    serializedVersion: 12
    m_Resolution: 2
    m_BakeResolution: 40
    m_AtlasSize: 1024
    m_AO: 0
    m_AOMaxDistance: 1
    m_CompAOExponent: 1
    m_CompAOExponentDirect: 0
    m_ExtractAmbientOcclusion: 0
    m_Padding: 2
    m_LightmapParameters: {fileID: 0}
    m_LightmapsBakeMode: 1
    m_TextureCompression: 1
    m_FinalGather: 0
    m_FinalGatherFiltering: 1
    m_FinalGatherRayCount: 256
    m_ReflectionCompression: 2
    m_MixedBakeMode: 2
    m_BakeBackend: 0
    m_PVRSampling: 1
    m_PVRDirectSampleCount: 32
    m_PVRSampleCount: 500
    m_PVRBounces: 2
    m_PVREnvironmentSampleCount: 500
    m_PVREnvironmentReferencePointCount: 2048
    m_PVRFilteringMode: 2
    m_PVRDenoiserTypeDirect: 0
    m_PVRDenoiserTypeIndirect: 0
    m_PVRDenoiserTypeAO: 0
    m_PVRFilterTypeDirect: 0
    m_PVRFilterTypeIndirect: 0
    m_PVRFilterTypeAO: 0
    m_PVREnvironmentMIS: 0
    m_PVRCulling: 1
    m_PVRFilteringGaussRadiusDirect: 1
    m_PVRFilteringGaussRadiusIndirect: 5
    m_PVRFilteringGaussRadiusAO: 2
    m_PVRFilteringAtrousPositionSigmaDirect: 0.5
    m_PVRFilteringAtrousPositionSigmaIndirect: 2
    m_PVRFilteringAtrousPositionSigmaAO: 1
    m_ExportTrainingData: 0
    m_TrainingDataDestination: TrainingData
    m_LightProbeSampleCountMultiplier: 4
  m_LightingDataAsset: {fileID: 0}
  m_LightingSettings: {fileID: 4890085278179872738, guid: b5e63c2dfa2cee841a68a907cb812caa, type: 2}
--- !u!196 &4
NavMeshSettings:
  serializedVersion: 2
  m_ObjectHideFlags: 0
  m_BuildSettings:
    serializedVersion: 2
    agentTypeID: 0
    agentRadius: 0.5
    agentHeight: 2
    agentSlope: 45
    agentClimb: 0.4
    ledgeDropHeight: 0
    maxJumpAcrossDistance: 0
    minRegionArea: 2
    manualCellSize: 0
    cellSize: 0.16666667
    manualTileSize: 0
    tileSize: 256
    accuratePlacement: 0
    maxJobWorkers: 0
    preserveTilesOutsideBounds: 0
    debug:
      m_Flags: 0
  m_NavMeshData: {fileID: 0}
--- !u!1 &413204
GameObject:
  m_ObjectHideFlags: 0
  m_CorrespondingSourceObject: {fileID: 0}
  m_PrefabInstance: {fileID: 0}
  m_PrefabAsset: {fileID: 0}
  serializedVersion: 6
  m_Component:
  - component: {fileID: 413205}
  m_Layer: 0
  m_Name: aram_LimbSolver_right_Target
  m_TagString: Untagged
  m_Icon: {fileID: 0}
  m_NavMeshLayer: 0
  m_StaticEditorFlags: 0
  m_IsActive: 1
--- !u!4 &413205
Transform:
  m_ObjectHideFlags: 0
  m_CorrespondingSourceObject: {fileID: 0}
  m_PrefabInstance: {fileID: 0}
  m_PrefabAsset: {fileID: 0}
  m_GameObject: {fileID: 413204}
  m_LocalRotation: {x: -0, y: -0, z: 0.67757404, w: -0.7354546}
  m_LocalPosition: {x: -0.64258623, y: 3.581982, z: 0}
  m_LocalScale: {x: 1, y: 1, z: 1}
  m_Children: []
  m_Father: {fileID: 970510424}
  m_RootOrder: 0
  m_LocalEulerAnglesHint: {x: 0, y: 0, z: 0}
--- !u!1 &370266033
GameObject:
  m_ObjectHideFlags: 0
  m_CorrespondingSourceObject: {fileID: 0}
  m_PrefabInstance: {fileID: 0}
  m_PrefabAsset: {fileID: 0}
  serializedVersion: 6
  m_Component:
  - component: {fileID: 370266035}
  - component: {fileID: 370266034}
  m_Layer: 0
  m_Name: leg_LimbSolver_left
  m_TagString: Untagged
  m_Icon: {fileID: 0}
  m_NavMeshLayer: 0
  m_StaticEditorFlags: 0
  m_IsActive: 1
--- !u!114 &370266034
MonoBehaviour:
  m_ObjectHideFlags: 0
  m_CorrespondingSourceObject: {fileID: 0}
  m_PrefabInstance: {fileID: 0}
  m_PrefabAsset: {fileID: 0}
  m_GameObject: {fileID: 370266033}
  m_Enabled: 1
  m_EditorHideFlags: 0
  m_Script: {fileID: 11500000, guid: 30ae93fb156fc6d4c828c64571fc3edd, type: 3}
  m_Name: 
  m_EditorClassIdentifier: 
  m_ConstrainRotation: 1
  m_SolveFromDefaultPose: 1
  m_Weight: 1
  m_Chain:
    m_EffectorTransform: {fileID: 1221269620}
    m_TargetTransform: {fileID: 616020097}
    m_TransformCount: 3
    m_Transforms:
    - {fileID: 454183528}
    - {fileID: 454183527}
    - {fileID: 1221269620}
    m_DefaultLocalRotations:
    - {x: 0, y: 0, z: -0.9973948, w: 0.07213656}
    - {x: 0, y: 0, z: 0.017589143, w: 0.9998453}
    - {x: 0, y: 0, z: 0, w: 1}
    m_StoredLocalRotations:
    - {x: 0, y: 0, z: -0.9973948, w: 0.07213656}
    - {x: 0, y: 0, z: 0.017589143, w: 0.9998453}
    - {x: 0, y: 0, z: 0, w: 1}
  m_Flip: 0
--- !u!4 &370266035
Transform:
  m_ObjectHideFlags: 0
  m_CorrespondingSourceObject: {fileID: 0}
  m_PrefabInstance: {fileID: 0}
  m_PrefabAsset: {fileID: 0}
  m_GameObject: {fileID: 370266033}
  m_LocalRotation: {x: -0, y: -0, z: -0, w: 1}
  m_LocalPosition: {x: 0, y: 0, z: 0}
  m_LocalScale: {x: 1, y: 1, z: 1}
  m_Children:
  - {fileID: 616020097}
  m_Father: {fileID: 454183535}
  m_RootOrder: 11
  m_LocalEulerAnglesHint: {x: 0, y: 0, z: 0}
--- !u!1001 &454183524
PrefabInstance:
  m_ObjectHideFlags: 0
  serializedVersion: 2
  m_Modification:
    m_TransformParent: {fileID: 0}
    m_Modifications:
    - target: {fileID: -8341079281544955437, guid: 3b69249be7ece844480aaf2696a4a207, type: 3}
      propertyPath: m_LocalRotation.w
      value: 0.91592383
      objectReference: {fileID: 0}
    - target: {fileID: -8341079281544955437, guid: 3b69249be7ece844480aaf2696a4a207, type: 3}
      propertyPath: m_LocalRotation.x
      value: 0
      objectReference: {fileID: 0}
    - target: {fileID: -8341079281544955437, guid: 3b69249be7ece844480aaf2696a4a207, type: 3}
      propertyPath: m_LocalRotation.y
      value: 0
      objectReference: {fileID: 0}
    - target: {fileID: -8341079281544955437, guid: 3b69249be7ece844480aaf2696a4a207, type: 3}
      propertyPath: m_LocalRotation.z
      value: 0.40135208
      objectReference: {fileID: 0}
    - target: {fileID: -8341079281544955437, guid: 3b69249be7ece844480aaf2696a4a207, type: 3}
      propertyPath: m_LocalEulerAnglesHint.z
      value: 64.009
      objectReference: {fileID: 0}
    - target: {fileID: -7180211335038969481, guid: 3b69249be7ece844480aaf2696a4a207, type: 3}
      propertyPath: m_LocalRotation.w
      value: -0.038238376
      objectReference: {fileID: 0}
    - target: {fileID: -7180211335038969481, guid: 3b69249be7ece844480aaf2696a4a207, type: 3}
      propertyPath: m_LocalRotation.x
      value: 0
      objectReference: {fileID: 0}
    - target: {fileID: -7180211335038969481, guid: 3b69249be7ece844480aaf2696a4a207, type: 3}
      propertyPath: m_LocalRotation.y
      value: 0
      objectReference: {fileID: 0}
    - target: {fileID: -7180211335038969481, guid: 3b69249be7ece844480aaf2696a4a207, type: 3}
      propertyPath: m_LocalRotation.z
      value: -0.9992687
      objectReference: {fileID: 0}
    - target: {fileID: -7180211335038969481, guid: 3b69249be7ece844480aaf2696a4a207, type: 3}
      propertyPath: m_LocalEulerAnglesHint.z
      value: 136.328
      objectReference: {fileID: 0}
    - target: {fileID: -3927112764693334372, guid: 3b69249be7ece844480aaf2696a4a207, type: 3}
      propertyPath: m_LocalPosition.x
      value: 0.47213092
      objectReference: {fileID: 0}
    - target: {fileID: -3927112764693334372, guid: 3b69249be7ece844480aaf2696a4a207, type: 3}
      propertyPath: m_LocalPosition.y
      value: -0.0000002476166
      objectReference: {fileID: 0}
    - target: {fileID: -3927112764693334372, guid: 3b69249be7ece844480aaf2696a4a207, type: 3}
      propertyPath: m_LocalRotation.w
      value: 0.945738
      objectReference: {fileID: 0}
    - target: {fileID: -3927112764693334372, guid: 3b69249be7ece844480aaf2696a4a207, type: 3}
      propertyPath: m_LocalRotation.x
      value: -0
      objectReference: {fileID: 0}
    - target: {fileID: -3927112764693334372, guid: 3b69249be7ece844480aaf2696a4a207, type: 3}
      propertyPath: m_LocalRotation.y
      value: -0
      objectReference: {fileID: 0}
    - target: {fileID: -3927112764693334372, guid: 3b69249be7ece844480aaf2696a4a207, type: 3}
      propertyPath: m_LocalRotation.z
      value: 0.32493007
      objectReference: {fileID: 0}
    - target: {fileID: -3927112764693334372, guid: 3b69249be7ece844480aaf2696a4a207, type: 3}
      propertyPath: m_LocalEulerAnglesHint.z
      value: 37.923
      objectReference: {fileID: 0}
    - target: {fileID: -3832975387686823940, guid: 3b69249be7ece844480aaf2696a4a207, type: 3}
      propertyPath: m_LocalRotation.w
      value: 0.17364134
      objectReference: {fileID: 0}
    - target: {fileID: -3832975387686823940, guid: 3b69249be7ece844480aaf2696a4a207, type: 3}
      propertyPath: m_LocalRotation.x
      value: 0
      objectReference: {fileID: 0}
    - target: {fileID: -3832975387686823940, guid: 3b69249be7ece844480aaf2696a4a207, type: 3}
      propertyPath: m_LocalRotation.y
      value: 0
      objectReference: {fileID: 0}
    - target: {fileID: -3832975387686823940, guid: 3b69249be7ece844480aaf2696a4a207, type: 3}
      propertyPath: m_LocalRotation.z
      value: -0.9848089
      objectReference: {fileID: 0}
    - target: {fileID: -3832975387686823940, guid: 3b69249be7ece844480aaf2696a4a207, type: 3}
      propertyPath: m_LocalEulerAnglesHint.z
      value: 188.293
      objectReference: {fileID: 0}
    - target: {fileID: -2117209678014180306, guid: 3b69249be7ece844480aaf2696a4a207, type: 3}
      propertyPath: m_LocalPosition.x
      value: 1.529021
      objectReference: {fileID: 0}
    - target: {fileID: -2117209678014180306, guid: 3b69249be7ece844480aaf2696a4a207, type: 3}
      propertyPath: m_LocalPosition.y
      value: -0.019841671
      objectReference: {fileID: 0}
    - target: {fileID: -2117209678014180306, guid: 3b69249be7ece844480aaf2696a4a207, type: 3}
      propertyPath: m_LocalRotation.w
      value: 0.81441975
      objectReference: {fileID: 0}
    - target: {fileID: -2117209678014180306, guid: 3b69249be7ece844480aaf2696a4a207, type: 3}
      propertyPath: m_LocalRotation.x
      value: 0
      objectReference: {fileID: 0}
    - target: {fileID: -2117209678014180306, guid: 3b69249be7ece844480aaf2696a4a207, type: 3}
      propertyPath: m_LocalRotation.y
      value: 0
      objectReference: {fileID: 0}
    - target: {fileID: -2117209678014180306, guid: 3b69249be7ece844480aaf2696a4a207, type: 3}
      propertyPath: m_LocalRotation.z
      value: -0.5802763
      objectReference: {fileID: 0}
    - target: {fileID: -2117209678014180306, guid: 3b69249be7ece844480aaf2696a4a207, type: 3}
      propertyPath: m_LocalEulerAnglesHint.z
      value: -56.857
      objectReference: {fileID: 0}
    - target: {fileID: -2068532840405957183, guid: 3b69249be7ece844480aaf2696a4a207, type: 3}
      propertyPath: m_LocalRotation.w
      value: 0.758565
      objectReference: {fileID: 0}
    - target: {fileID: -2068532840405957183, guid: 3b69249be7ece844480aaf2696a4a207, type: 3}
      propertyPath: m_LocalRotation.x
      value: -0
      objectReference: {fileID: 0}
    - target: {fileID: -2068532840405957183, guid: 3b69249be7ece844480aaf2696a4a207, type: 3}
      propertyPath: m_LocalRotation.y
      value: -0
      objectReference: {fileID: 0}
    - target: {fileID: -2068532840405957183, guid: 3b69249be7ece844480aaf2696a4a207, type: 3}
      propertyPath: m_LocalRotation.z
      value: 0.6515974
      objectReference: {fileID: 0}
    - target: {fileID: -2068532840405957183, guid: 3b69249be7ece844480aaf2696a4a207, type: 3}
      propertyPath: m_LocalEulerAnglesHint.z
      value: 81.324
      objectReference: {fileID: 0}
    - target: {fileID: 1700025414792487952, guid: 3b69249be7ece844480aaf2696a4a207, type: 3}
      propertyPath: m_RootOrder
      value: 1
      objectReference: {fileID: 0}
    - target: {fileID: 1700025414792487952, guid: 3b69249be7ece844480aaf2696a4a207, type: 3}
      propertyPath: m_LocalPosition.x
      value: -6.43
      objectReference: {fileID: 0}
    - target: {fileID: 1700025414792487952, guid: 3b69249be7ece844480aaf2696a4a207, type: 3}
      propertyPath: m_LocalPosition.y
      value: 22.83088
      objectReference: {fileID: 0}
    - target: {fileID: 1700025414792487952, guid: 3b69249be7ece844480aaf2696a4a207, type: 3}
      propertyPath: m_LocalPosition.z
      value: 0
      objectReference: {fileID: 0}
    - target: {fileID: 1700025414792487952, guid: 3b69249be7ece844480aaf2696a4a207, type: 3}
      propertyPath: m_LocalRotation.w
      value: 1
      objectReference: {fileID: 0}
    - target: {fileID: 1700025414792487952, guid: 3b69249be7ece844480aaf2696a4a207, type: 3}
      propertyPath: m_LocalRotation.x
      value: 0
      objectReference: {fileID: 0}
    - target: {fileID: 1700025414792487952, guid: 3b69249be7ece844480aaf2696a4a207, type: 3}
      propertyPath: m_LocalRotation.y
      value: 0
      objectReference: {fileID: 0}
    - target: {fileID: 1700025414792487952, guid: 3b69249be7ece844480aaf2696a4a207, type: 3}
      propertyPath: m_LocalRotation.z
      value: 0
      objectReference: {fileID: 0}
    - target: {fileID: 1700025414792487952, guid: 3b69249be7ece844480aaf2696a4a207, type: 3}
      propertyPath: m_LocalEulerAnglesHint.x
      value: 0
      objectReference: {fileID: 0}
    - target: {fileID: 1700025414792487952, guid: 3b69249be7ece844480aaf2696a4a207, type: 3}
      propertyPath: m_LocalEulerAnglesHint.y
      value: 0
      objectReference: {fileID: 0}
    - target: {fileID: 1700025414792487952, guid: 3b69249be7ece844480aaf2696a4a207, type: 3}
      propertyPath: m_LocalEulerAnglesHint.z
      value: 0
      objectReference: {fileID: 0}
    - target: {fileID: 2840675541367622332, guid: 3b69249be7ece844480aaf2696a4a207, type: 3}
      propertyPath: m_LocalRotation.w
      value: 0.16819939
      objectReference: {fileID: 0}
    - target: {fileID: 2840675541367622332, guid: 3b69249be7ece844480aaf2696a4a207, type: 3}
      propertyPath: m_LocalRotation.z
      value: 0.985753
      objectReference: {fileID: 0}
    - target: {fileID: 4425832837683853108, guid: 3b69249be7ece844480aaf2696a4a207, type: 3}
      propertyPath: m_LocalRotation.w
      value: 0.7334774
      objectReference: {fileID: 0}
    - target: {fileID: 4425832837683853108, guid: 3b69249be7ece844480aaf2696a4a207, type: 3}
      propertyPath: m_LocalRotation.x
      value: 0
      objectReference: {fileID: 0}
    - target: {fileID: 4425832837683853108, guid: 3b69249be7ece844480aaf2696a4a207, type: 3}
      propertyPath: m_LocalRotation.y
      value: 0
      objectReference: {fileID: 0}
    - target: {fileID: 4425832837683853108, guid: 3b69249be7ece844480aaf2696a4a207, type: 3}
      propertyPath: m_LocalRotation.z
      value: 0.67971385
      objectReference: {fileID: 0}
    - target: {fileID: 4425832837683853108, guid: 3b69249be7ece844480aaf2696a4a207, type: 3}
      propertyPath: m_LocalEulerAnglesHint.z
      value: 0
      objectReference: {fileID: 0}
    - target: {fileID: 4904228144481995803, guid: 3b69249be7ece844480aaf2696a4a207, type: 3}
      propertyPath: m_LocalRotation.w
      value: 0.9923304
      objectReference: {fileID: 0}
    - target: {fileID: 4904228144481995803, guid: 3b69249be7ece844480aaf2696a4a207, type: 3}
      propertyPath: m_LocalRotation.x
      value: 0
      objectReference: {fileID: 0}
    - target: {fileID: 4904228144481995803, guid: 3b69249be7ece844480aaf2696a4a207, type: 3}
      propertyPath: m_LocalRotation.y
      value: 0
      objectReference: {fileID: 0}
    - target: {fileID: 4904228144481995803, guid: 3b69249be7ece844480aaf2696a4a207, type: 3}
      propertyPath: m_LocalRotation.z
      value: -0.12361454
      objectReference: {fileID: 0}
    - target: {fileID: 4904228144481995803, guid: 3b69249be7ece844480aaf2696a4a207, type: 3}
      propertyPath: m_LocalEulerAnglesHint.z
      value: 5.214
      objectReference: {fileID: 0}
    - target: {fileID: 5399524937471278411, guid: 3b69249be7ece844480aaf2696a4a207, type: 3}
      propertyPath: m_LocalRotation.w
      value: 0.863997
      objectReference: {fileID: 0}
    - target: {fileID: 5399524937471278411, guid: 3b69249be7ece844480aaf2696a4a207, type: 3}
      propertyPath: m_LocalRotation.x
      value: 0
      objectReference: {fileID: 0}
    - target: {fileID: 5399524937471278411, guid: 3b69249be7ece844480aaf2696a4a207, type: 3}
      propertyPath: m_LocalRotation.y
      value: 0
      objectReference: {fileID: 0}
    - target: {fileID: 5399524937471278411, guid: 3b69249be7ece844480aaf2696a4a207, type: 3}
      propertyPath: m_LocalRotation.z
      value: 0.50349706
      objectReference: {fileID: 0}
    - target: {fileID: 5399524937471278411, guid: 3b69249be7ece844480aaf2696a4a207, type: 3}
      propertyPath: m_LocalEulerAnglesHint.z
      value: 67.961
      objectReference: {fileID: 0}
    - target: {fileID: 5664824674884245247, guid: 3b69249be7ece844480aaf2696a4a207, type: 3}
      propertyPath: m_LocalPosition.x
      value: 0.781298
      objectReference: {fileID: 0}
    - target: {fileID: 5664824674884245247, guid: 3b69249be7ece844480aaf2696a4a207, type: 3}
      propertyPath: m_LocalPosition.y
      value: -0.000000086460346
      objectReference: {fileID: 0}
    - target: {fileID: 5664824674884245247, guid: 3b69249be7ece844480aaf2696a4a207, type: 3}
      propertyPath: m_LocalRotation.w
      value: 0.9312484
      objectReference: {fileID: 0}
    - target: {fileID: 5664824674884245247, guid: 3b69249be7ece844480aaf2696a4a207, type: 3}
      propertyPath: m_LocalRotation.x
      value: 0
      objectReference: {fileID: 0}
    - target: {fileID: 5664824674884245247, guid: 3b69249be7ece844480aaf2696a4a207, type: 3}
      propertyPath: m_LocalRotation.y
      value: 0
      objectReference: {fileID: 0}
    - target: {fileID: 5664824674884245247, guid: 3b69249be7ece844480aaf2696a4a207, type: 3}
      propertyPath: m_LocalRotation.z
      value: 0.36438495
      objectReference: {fileID: 0}
    - target: {fileID: 5664824674884245247, guid: 3b69249be7ece844480aaf2696a4a207, type: 3}
      propertyPath: m_LocalEulerAnglesHint.z
      value: 0
      objectReference: {fileID: 0}
    - target: {fileID: 7866492090372435930, guid: 3b69249be7ece844480aaf2696a4a207, type: 3}
      propertyPath: m_Name
      value: Boy_IdleCycle
      objectReference: {fileID: 0}
    - target: {fileID: 7869144053896514225, guid: 3b69249be7ece844480aaf2696a4a207, type: 3}
      propertyPath: m_LocalRotation.w
      value: -0.107920796
      objectReference: {fileID: 0}
    - target: {fileID: 7869144053896514225, guid: 3b69249be7ece844480aaf2696a4a207, type: 3}
      propertyPath: m_LocalRotation.z
      value: 0.9941595
      objectReference: {fileID: 0}
    - target: {fileID: 8258784375102508614, guid: 3b69249be7ece844480aaf2696a4a207, type: 3}
      propertyPath: m_LocalRotation.w
      value: 0.997641
      objectReference: {fileID: 0}
    - target: {fileID: 8258784375102508614, guid: 3b69249be7ece844480aaf2696a4a207, type: 3}
      propertyPath: m_LocalRotation.x
      value: -0
      objectReference: {fileID: 0}
    - target: {fileID: 8258784375102508614, guid: 3b69249be7ece844480aaf2696a4a207, type: 3}
      propertyPath: m_LocalRotation.y
      value: -0
      objectReference: {fileID: 0}
    - target: {fileID: 8258784375102508614, guid: 3b69249be7ece844480aaf2696a4a207, type: 3}
      propertyPath: m_LocalRotation.z
      value: 0.06864709
      objectReference: {fileID: 0}
    - target: {fileID: 8258784375102508614, guid: 3b69249be7ece844480aaf2696a4a207, type: 3}
      propertyPath: m_LocalEulerAnglesHint.z
      value: 7.873
      objectReference: {fileID: 0}
    - target: {fileID: 9208411967342095185, guid: 3b69249be7ece844480aaf2696a4a207, type: 3}
      propertyPath: m_LocalRotation.w
      value: 0.99937844
      objectReference: {fileID: 0}
    - target: {fileID: 9208411967342095185, guid: 3b69249be7ece844480aaf2696a4a207, type: 3}
      propertyPath: m_LocalRotation.x
      value: -0
      objectReference: {fileID: 0}
    - target: {fileID: 9208411967342095185, guid: 3b69249be7ece844480aaf2696a4a207, type: 3}
      propertyPath: m_LocalRotation.y
      value: -0
      objectReference: {fileID: 0}
    - target: {fileID: 9208411967342095185, guid: 3b69249be7ece844480aaf2696a4a207, type: 3}
      propertyPath: m_LocalRotation.z
      value: -0.035253108
      objectReference: {fileID: 0}
    - target: {fileID: 9208411967342095185, guid: 3b69249be7ece844480aaf2696a4a207, type: 3}
      propertyPath: m_LocalEulerAnglesHint.z
      value: -4.041
      objectReference: {fileID: 0}
    m_RemovedComponents: []
  m_SourcePrefab: {fileID: -5675054535504573030, guid: 3b69249be7ece844480aaf2696a4a207, type: 3}
--- !u!1 &454183525 stripped
GameObject:
  m_CorrespondingSourceObject: {fileID: 7866492090372435930, guid: 3b69249be7ece844480aaf2696a4a207, type: 3}
  m_PrefabInstance: {fileID: 454183524}
  m_PrefabAsset: {fileID: 0}
--- !u!95 &454183526
Animator:
  serializedVersion: 3
  m_ObjectHideFlags: 0
  m_CorrespondingSourceObject: {fileID: 0}
  m_PrefabInstance: {fileID: 0}
  m_PrefabAsset: {fileID: 0}
  m_GameObject: {fileID: 454183525}
  m_Enabled: 1
  m_Avatar: {fileID: 0}
  m_Controller: {fileID: 9100000, guid: d287fe97803116141bdca984d91a172e, type: 2}
  m_CullingMode: 0
  m_UpdateMode: 0
  m_ApplyRootMotion: 0
  m_LinearVelocityBlending: 0
  m_WarningMessage: 
  m_HasTransformHierarchy: 1
  m_AllowConstantClipSamplingOptimization: 1
  m_KeepAnimatorControllerStateOnDisable: 0
--- !u!4 &454183527 stripped
Transform:
  m_CorrespondingSourceObject: {fileID: -2117209678014180306, guid: 3b69249be7ece844480aaf2696a4a207, type: 3}
  m_PrefabInstance: {fileID: 454183524}
  m_PrefabAsset: {fileID: 0}
--- !u!4 &454183528 stripped
Transform:
  m_CorrespondingSourceObject: {fileID: -3832975387686823940, guid: 3b69249be7ece844480aaf2696a4a207, type: 3}
  m_PrefabInstance: {fileID: 454183524}
  m_PrefabAsset: {fileID: 0}
--- !u!4 &454183529 stripped
Transform:
  m_CorrespondingSourceObject: {fileID: 7869144053896514225, guid: 3b69249be7ece844480aaf2696a4a207, type: 3}
  m_PrefabInstance: {fileID: 454183524}
  m_PrefabAsset: {fileID: 0}
--- !u!4 &454183530 stripped
Transform:
  m_CorrespondingSourceObject: {fileID: 4904228144481995803, guid: 3b69249be7ece844480aaf2696a4a207, type: 3}
  m_PrefabInstance: {fileID: 454183524}
  m_PrefabAsset: {fileID: 0}
--- !u!4 &454183531 stripped
Transform:
  m_CorrespondingSourceObject: {fileID: 2840675541367622332, guid: 3b69249be7ece844480aaf2696a4a207, type: 3}
  m_PrefabInstance: {fileID: 454183524}
  m_PrefabAsset: {fileID: 0}
--- !u!4 &454183532 stripped
Transform:
  m_CorrespondingSourceObject: {fileID: -8341079281544955437, guid: 3b69249be7ece844480aaf2696a4a207, type: 3}
  m_PrefabInstance: {fileID: 454183524}
  m_PrefabAsset: {fileID: 0}
--- !u!4 &454183533 stripped
Transform:
  m_CorrespondingSourceObject: {fileID: -7180211335038969481, guid: 3b69249be7ece844480aaf2696a4a207, type: 3}
  m_PrefabInstance: {fileID: 454183524}
  m_PrefabAsset: {fileID: 0}
--- !u!4 &454183534 stripped
Transform:
  m_CorrespondingSourceObject: {fileID: 5399524937471278411, guid: 3b69249be7ece844480aaf2696a4a207, type: 3}
  m_PrefabInstance: {fileID: 454183524}
  m_PrefabAsset: {fileID: 0}
--- !u!4 &454183535 stripped
Transform:
  m_CorrespondingSourceObject: {fileID: 1700025414792487952, guid: 3b69249be7ece844480aaf2696a4a207, type: 3}
  m_PrefabInstance: {fileID: 454183524}
  m_PrefabAsset: {fileID: 0}
--- !u!114 &454183536
MonoBehaviour:
  m_ObjectHideFlags: 0
  m_CorrespondingSourceObject: {fileID: 0}
  m_PrefabInstance: {fileID: 0}
  m_PrefabAsset: {fileID: 0}
  m_GameObject: {fileID: 454183525}
  m_Enabled: 1
  m_EditorHideFlags: 0
  m_Script: {fileID: 11500000, guid: 097b551f2844b054290f18a39bf892e9, type: 3}
  m_Name: 
  m_EditorClassIdentifier: 
  m_Solvers:
  - {fileID: 1837725427}
  - {fileID: 970510423}
  - {fileID: 1409707953}
  - {fileID: 370266034}
  m_Weight: 1
  m_SolverEditorData:
  - color: {r: 0, g: 1, b: 0, a: 1}
    showGizmo: 1
  - color: {r: 0, g: 1, b: 0, a: 1}
    showGizmo: 1
  - color: {r: 0, g: 1, b: 0, a: 1}
    showGizmo: 1
  - color: {r: 0, g: 1, b: 0, a: 1}
    showGizmo: 1
  - color: {r: 0, g: 1, b: 0, a: 1}
    showGizmo: 1
--- !u!1 &469089269
GameObject:
  m_ObjectHideFlags: 0
  m_CorrespondingSourceObject: {fileID: 0}
  m_PrefabInstance: {fileID: 0}
  m_PrefabAsset: {fileID: 0}
  serializedVersion: 6
  m_Component:
  - component: {fileID: 469089270}
  m_Layer: 0
  m_Name: leg_LimbSolver_right_Target
  m_TagString: Untagged
  m_Icon: {fileID: 0}
  m_NavMeshLayer: 0
  m_StaticEditorFlags: 0
  m_IsActive: 1
--- !u!4 &469089270
Transform:
  m_ObjectHideFlags: 0
  m_CorrespondingSourceObject: {fileID: 0}
  m_PrefabInstance: {fileID: 0}
  m_PrefabAsset: {fileID: 0}
  m_GameObject: {fileID: 469089269}
  m_LocalRotation: {x: -0, y: -0, z: 0.68328154, w: -0.73015505}
  m_LocalPosition: {x: -0.17106152, y: 1.30698, z: 0}
  m_LocalScale: {x: 1, y: 1, z: 1}
  m_Children: []
  m_Father: {fileID: 1409707954}
  m_RootOrder: 0
  m_LocalEulerAnglesHint: {x: 0, y: 0, z: 0}
--- !u!1 &597725969
GameObject:
  m_ObjectHideFlags: 0
  m_CorrespondingSourceObject: {fileID: 0}
  m_PrefabInstance: {fileID: 0}
  m_PrefabAsset: {fileID: 0}
  serializedVersion: 6
  m_Component:
  - component: {fileID: 597725970}
  m_Layer: 0
  m_Name: aram_effector_right
  m_TagString: Untagged
  m_Icon: {fileID: 0}
  m_NavMeshLayer: 0
  m_StaticEditorFlags: 0
  m_IsActive: 1
--- !u!4 &597725970
Transform:
  m_ObjectHideFlags: 0
  m_CorrespondingSourceObject: {fileID: 0}
  m_PrefabInstance: {fileID: 0}
  m_PrefabAsset: {fileID: 0}
  m_GameObject: {fileID: 597725969}
  m_LocalRotation: {x: -0, y: -0, z: -0.12225841, w: 0.99249834}
  m_LocalPosition: {x: 1.58, y: -0.11, z: 0}
  m_LocalScale: {x: 1, y: 1, z: 1}
  m_Children: []
  m_Father: {fileID: 454183532}
  m_RootOrder: 0
  m_LocalEulerAnglesHint: {x: 0, y: 0, z: -14.045}
--- !u!1 &616020096
GameObject:
  m_ObjectHideFlags: 0
  m_CorrespondingSourceObject: {fileID: 0}
  m_PrefabInstance: {fileID: 0}
  m_PrefabAsset: {fileID: 0}
  serializedVersion: 6
  m_Component:
  - component: {fileID: 616020097}
  m_Layer: 0
  m_Name: leg_LimbSolver_left_Target
  m_TagString: Untagged
  m_Icon: {fileID: 0}
  m_NavMeshLayer: 0
  m_StaticEditorFlags: 0
  m_IsActive: 1
--- !u!4 &616020097
Transform:
  m_ObjectHideFlags: 0
  m_CorrespondingSourceObject: {fileID: 0}
  m_PrefabInstance: {fileID: 0}
  m_PrefabAsset: {fileID: 0}
  m_GameObject: {fileID: 616020096}
  m_LocalRotation: {x: -0, y: -0, z: -0.6970813, w: 0.7169921}
  m_LocalPosition: {x: 0.8466916, y: 1.47451, z: 0}
  m_LocalScale: {x: 1, y: 1, z: 1}
  m_Children: []
  m_Father: {fileID: 370266035}
  m_RootOrder: 0
  m_LocalEulerAnglesHint: {x: 0, y: 0, z: 0}
--- !u!1 &970510422
GameObject:
  m_ObjectHideFlags: 0
  m_CorrespondingSourceObject: {fileID: 0}
  m_PrefabInstance: {fileID: 0}
  m_PrefabAsset: {fileID: 0}
  serializedVersion: 6
  m_Component:
  - component: {fileID: 970510424}
  - component: {fileID: 970510423}
  m_Layer: 0
  m_Name: aram_LimbSolver_right
  m_TagString: Untagged
  m_Icon: {fileID: 0}
  m_NavMeshLayer: 0
  m_StaticEditorFlags: 0
  m_IsActive: 1
--- !u!114 &970510423
MonoBehaviour:
  m_ObjectHideFlags: 0
  m_CorrespondingSourceObject: {fileID: 0}
  m_PrefabInstance: {fileID: 0}
  m_PrefabAsset: {fileID: 0}
  m_GameObject: {fileID: 970510422}
  m_Enabled: 1
  m_EditorHideFlags: 0
  m_Script: {fileID: 11500000, guid: 30ae93fb156fc6d4c828c64571fc3edd, type: 3}
  m_Name: 
  m_EditorClassIdentifier: 
  m_ConstrainRotation: 1
  m_SolveFromDefaultPose: 1
  m_Weight: 1
  m_Chain:
    m_EffectorTransform: {fileID: 597725970}
    m_TargetTransform: {fileID: 413205}
    m_TransformCount: 3
    m_Transforms:
    - {fileID: 454183531}
    - {fileID: 454183532}
    - {fileID: 597725970}
    m_DefaultLocalRotations:
    - {x: 0, y: 0, z: 0.9990917, w: 0.042613264}
    - {x: 0, y: 0, z: 0.09045026, w: 0.995901}
    - {x: 0, y: 0, z: 0, w: 1}
    m_StoredLocalRotations:
    - {x: 0, y: 0, z: 0.9990917, w: 0.042613264}
    - {x: 0, y: 0, z: 0.09045026, w: 0.995901}
    - {x: 0, y: 0, z: 0, w: 1}
  m_Flip: 1
--- !u!4 &970510424
Transform:
  m_ObjectHideFlags: 0
  m_CorrespondingSourceObject: {fileID: 0}
  m_PrefabInstance: {fileID: 0}
  m_PrefabAsset: {fileID: 0}
  m_GameObject: {fileID: 970510422}
  m_LocalRotation: {x: -0, y: -0, z: -0, w: 1}
  m_LocalPosition: {x: 0, y: 0, z: 0}
  m_LocalScale: {x: 1, y: 1, z: 1}
  m_Children:
  - {fileID: 413205}
  m_Father: {fileID: 454183535}
  m_RootOrder: 8
  m_LocalEulerAnglesHint: {x: 0, y: 0, z: 0}
--- !u!1 &1161228668
GameObject:
  m_ObjectHideFlags: 0
  m_CorrespondingSourceObject: {fileID: 0}
  m_PrefabInstance: {fileID: 0}
  m_PrefabAsset: {fileID: 0}
  serializedVersion: 6
  m_Component:
  - component: {fileID: 1161228671}
  - component: {fileID: 1161228670}
  - component: {fileID: 1161228669}
  m_Layer: 0
  m_Name: Camera
  m_TagString: Untagged
  m_Icon: {fileID: 0}
  m_NavMeshLayer: 0
  m_StaticEditorFlags: 0
  m_IsActive: 1
--- !u!81 &1161228669
AudioListener:
  m_ObjectHideFlags: 0
  m_CorrespondingSourceObject: {fileID: 0}
  m_PrefabInstance: {fileID: 0}
  m_PrefabAsset: {fileID: 0}
  m_GameObject: {fileID: 1161228668}
  m_Enabled: 1
--- !u!20 &1161228670
Camera:
  m_ObjectHideFlags: 0
  m_CorrespondingSourceObject: {fileID: 0}
  m_PrefabInstance: {fileID: 0}
  m_PrefabAsset: {fileID: 0}
  m_GameObject: {fileID: 1161228668}
  m_Enabled: 1
  serializedVersion: 2
  m_ClearFlags: 1
  m_BackGroundColor: {r: 0.19215687, g: 0.3019608, b: 0.4745098, a: 0}
  m_projectionMatrixMode: 1
  m_GateFitMode: 2
  m_FOVAxisMode: 0
  m_SensorSize: {x: 36, y: 24}
  m_LensShift: {x: 0, y: 0}
  m_FocalLength: 50
  m_NormalizedViewPortRect:
    serializedVersion: 2
    x: 0
    y: 0
    width: 1
    height: 1
  near clip plane: 0.3
  far clip plane: 1000
  field of view: 60
  orthographic: 0
  orthographic size: 5
  m_Depth: 0
  m_CullingMask:
    serializedVersion: 2
    m_Bits: 4294967295
  m_RenderingPath: -1
  m_TargetTexture: {fileID: 0}
  m_TargetDisplay: 0
  m_TargetEye: 3
  m_HDR: 1
  m_AllowMSAA: 1
  m_AllowDynamicResolution: 0
  m_ForceIntoRT: 0
  m_OcclusionCulling: 1
  m_StereoConvergence: 10
  m_StereoSeparation: 0.022
--- !u!4 &1161228671
Transform:
  m_ObjectHideFlags: 0
  m_CorrespondingSourceObject: {fileID: 0}
  m_PrefabInstance: {fileID: 0}
  m_PrefabAsset: {fileID: 0}
  m_GameObject: {fileID: 1161228668}
  m_LocalRotation: {x: 0, y: 0, z: 0, w: 1}
  m_LocalPosition: {x: 2.9, y: 31, z: -15.65}
  m_LocalScale: {x: 1, y: 1, z: 1}
  m_Children: []
  m_Father: {fileID: 0}
  m_RootOrder: 0
  m_LocalEulerAnglesHint: {x: 0, y: 0, z: 0}
--- !u!1 &1221269619
GameObject:
  m_ObjectHideFlags: 0
  m_CorrespondingSourceObject: {fileID: 0}
  m_PrefabInstance: {fileID: 0}
  m_PrefabAsset: {fileID: 0}
  serializedVersion: 6
  m_Component:
  - component: {fileID: 1221269620}
  m_Layer: 0
  m_Name: leg_effector_left
  m_TagString: Untagged
  m_Icon: {fileID: 0}
  m_NavMeshLayer: 0
  m_StaticEditorFlags: 0
  m_IsActive: 1
--- !u!4 &1221269620
Transform:
  m_ObjectHideFlags: 0
  m_CorrespondingSourceObject: {fileID: 0}
  m_PrefabInstance: {fileID: 0}
  m_PrefabAsset: {fileID: 0}
  m_GameObject: {fileID: 1221269619}
  m_LocalRotation: {x: -0, y: -0, z: 0.5339707, w: 0.84550303}
  m_LocalPosition: {x: 1.25, y: -0.18, z: 0}
  m_LocalScale: {x: 1, y: 1, z: 1}
  m_Children: []
  m_Father: {fileID: 454183527}
  m_RootOrder: 0
  m_LocalEulerAnglesHint: {x: 0, y: 0, z: 64.548}
--- !u!1 &1409707952
GameObject:
  m_ObjectHideFlags: 0
  m_CorrespondingSourceObject: {fileID: 0}
  m_PrefabInstance: {fileID: 0}
  m_PrefabAsset: {fileID: 0}
  serializedVersion: 6
  m_Component:
  - component: {fileID: 1409707954}
  - component: {fileID: 1409707953}
  m_Layer: 0
  m_Name: leg_LimbSolver_right
  m_TagString: Untagged
  m_Icon: {fileID: 0}
  m_NavMeshLayer: 0
  m_StaticEditorFlags: 0
  m_IsActive: 1
--- !u!114 &1409707953
MonoBehaviour:
  m_ObjectHideFlags: 0
  m_CorrespondingSourceObject: {fileID: 0}
  m_PrefabInstance: {fileID: 0}
  m_PrefabAsset: {fileID: 0}
  m_GameObject: {fileID: 1409707952}
  m_Enabled: 1
  m_EditorHideFlags: 0
  m_Script: {fileID: 11500000, guid: 30ae93fb156fc6d4c828c64571fc3edd, type: 3}
  m_Name: 
  m_EditorClassIdentifier: 
  m_ConstrainRotation: 1
  m_SolveFromDefaultPose: 1
  m_Weight: 1
  m_Chain:
    m_EffectorTransform: {fileID: 1487963459}
    m_TargetTransform: {fileID: 469089270}
    m_TransformCount: 3
    m_Transforms:
    - {fileID: 454183529}
    - {fileID: 454183530}
    - {fileID: 1487963459}
    m_DefaultLocalRotations:
    - {x: 0, y: 0, z: 0.99967664, w: -0.025428155}
    - {x: 0, y: 0, z: 0.08333282, w: 0.9965218}
    - {x: 0, y: 0, z: 0, w: 1}
    m_StoredLocalRotations:
    - {x: 0, y: 0, z: 0.99967664, w: -0.025428155}
    - {x: 0, y: 0, z: 0.08333282, w: 0.9965218}
    - {x: 0, y: 0, z: 0, w: 1}
  m_Flip: 0
--- !u!4 &1409707954
Transform:
  m_ObjectHideFlags: 0
  m_CorrespondingSourceObject: {fileID: 0}
  m_PrefabInstance: {fileID: 0}
  m_PrefabAsset: {fileID: 0}
  m_GameObject: {fileID: 1409707952}
  m_LocalRotation: {x: -0, y: -0, z: -0, w: 1}
  m_LocalPosition: {x: 0, y: 0, z: 0}
  m_LocalScale: {x: 1, y: 1, z: 1}
  m_Children:
  - {fileID: 469089270}
  m_Father: {fileID: 454183535}
  m_RootOrder: 10
  m_LocalEulerAnglesHint: {x: 0, y: 0, z: 0}
--- !u!1 &1487963458
GameObject:
  m_ObjectHideFlags: 0
  m_CorrespondingSourceObject: {fileID: 0}
  m_PrefabInstance: {fileID: 0}
  m_PrefabAsset: {fileID: 0}
  serializedVersion: 6
  m_Component:
  - component: {fileID: 1487963459}
  m_Layer: 0
  m_Name: leg_effector_right
  m_TagString: Untagged
  m_Icon: {fileID: 0}
  m_NavMeshLayer: 0
  m_StaticEditorFlags: 0
  m_IsActive: 1
--- !u!4 &1487963459
Transform:
  m_ObjectHideFlags: 0
  m_CorrespondingSourceObject: {fileID: 0}
  m_PrefabInstance: {fileID: 0}
  m_PrefabAsset: {fileID: 0}
  m_GameObject: {fileID: 1487963458}
  m_LocalRotation: {x: -0, y: -0, z: 0.15301578, w: 0.98822373}
  m_LocalPosition: {x: 1.41, y: -0.22, z: 0}
  m_LocalScale: {x: 1, y: 1, z: 1}
  m_Children: []
  m_Father: {fileID: 454183530}
  m_RootOrder: 0
  m_LocalEulerAnglesHint: {x: 0, y: 0, z: 17.603}
--- !u!1 &1837725426
GameObject:
  m_ObjectHideFlags: 0
  m_CorrespondingSourceObject: {fileID: 0}
  m_PrefabInstance: {fileID: 0}
  m_PrefabAsset: {fileID: 0}
  serializedVersion: 6
  m_Component:
  - component: {fileID: 1837725428}
  - component: {fileID: 1837725427}
  m_Layer: 0
  m_Name: Aram_LimbSolver_left
  m_TagString: Untagged
  m_Icon: {fileID: 0}
  m_NavMeshLayer: 0
  m_StaticEditorFlags: 0
  m_IsActive: 1
--- !u!114 &1837725427
MonoBehaviour:
  m_ObjectHideFlags: 0
  m_CorrespondingSourceObject: {fileID: 0}
  m_PrefabInstance: {fileID: 0}
  m_PrefabAsset: {fileID: 0}
  m_GameObject: {fileID: 1837725426}
  m_Enabled: 1
  m_EditorHideFlags: 0
  m_Script: {fileID: 11500000, guid: 30ae93fb156fc6d4c828c64571fc3edd, type: 3}
  m_Name: 
  m_EditorClassIdentifier: 
  m_ConstrainRotation: 1
  m_SolveFromDefaultPose: 1
  m_Weight: 1
  m_Chain:
    m_EffectorTransform: {fileID: 1959890674}
    m_TargetTransform: {fileID: 1852489307}
    m_TransformCount: 3
    m_Transforms:
    - {fileID: 454183533}
    - {fileID: 454183534}
    - {fileID: 1959890674}
    m_DefaultLocalRotations:
    - {x: 0, y: 0, z: -0.9974273, w: 0.07168546}
    - {x: 0, y: 0, z: 0.085174866, w: 0.9963661}
    - {x: 0, y: 0, z: 0, w: 1}
    m_StoredLocalRotations:
    - {x: 0, y: 0, z: -0.9974273, w: 0.07168546}
    - {x: 0, y: 0, z: 0.085174866, w: 0.9963661}
    - {x: 0, y: 0, z: 0, w: 1}
  m_Flip: 1
--- !u!4 &1837725428
Transform:
  m_ObjectHideFlags: 0
  m_CorrespondingSourceObject: {fileID: 0}
  m_PrefabInstance: {fileID: 0}
  m_PrefabAsset: {fileID: 0}
  m_GameObject: {fileID: 1837725426}
  m_LocalRotation: {x: -0, y: -0, z: -0, w: 1}
  m_LocalPosition: {x: 0, y: 0, z: 0}
  m_LocalScale: {x: 1, y: 1, z: 1}
  m_Children:
  - {fileID: 1852489307}
  m_Father: {fileID: 454183535}
  m_RootOrder: 9
  m_LocalEulerAnglesHint: {x: 0, y: 0, z: 0}
--- !u!1 &1852489306
GameObject:
  m_ObjectHideFlags: 0
  m_CorrespondingSourceObject: {fileID: 0}
  m_PrefabInstance: {fileID: 0}
  m_PrefabAsset: {fileID: 0}
  serializedVersion: 6
  m_Component:
  - component: {fileID: 1852489307}
  m_Layer: 0
  m_Name: Aram_LimbSolver_left_Target
  m_TagString: Untagged
  m_Icon: {fileID: 0}
  m_NavMeshLayer: 0
  m_StaticEditorFlags: 0
  m_IsActive: 1
--- !u!4 &1852489307
Transform:
  m_ObjectHideFlags: 0
  m_CorrespondingSourceObject: {fileID: 0}
  m_PrefabInstance: {fileID: 0}
  m_PrefabAsset: {fileID: 0}
  m_GameObject: {fileID: 1852489306}
  m_LocalRotation: {x: -0, y: -0, z: -0.59348476, w: 0.8048452}
  m_LocalPosition: {x: 2.092867, y: 3.8113022, z: 0}
  m_LocalScale: {x: 1, y: 1, z: 1}
  m_Children: []
  m_Father: {fileID: 1837725428}
  m_RootOrder: 0
  m_LocalEulerAnglesHint: {x: 0, y: 0, z: 0}
--- !u!1 &1959890673
GameObject:
  m_ObjectHideFlags: 0
  m_CorrespondingSourceObject: {fileID: 0}
  m_PrefabInstance: {fileID: 0}
  m_PrefabAsset: {fileID: 0}
  serializedVersion: 6
  m_Component:
  - component: {fileID: 1959890674}
  m_Layer: 0
  m_Name: aram_effector_left
  m_TagString: Untagged
  m_Icon: {fileID: 0}
  m_NavMeshLayer: 0
  m_StaticEditorFlags: 0
  m_IsActive: 1
--- !u!4 &1959890674
Transform:
  m_ObjectHideFlags: 0
  m_CorrespondingSourceObject: {fileID: 0}
  m_PrefabInstance: {fileID: 0}
  m_PrefabAsset: {fileID: 0}
  m_GameObject: {fileID: 1959890673}
  m_LocalRotation: {x: -0, y: -0, z: -0.25600943, w: 0.9666743}
  m_LocalPosition: {x: 1.42, y: -0.02, z: 0}
  m_LocalScale: {x: 1, y: 1, z: 1}
  m_Children: []
  m_Father: {fileID: 454183534}
  m_RootOrder: 0
  m_LocalEulerAnglesHint: {x: 0, y: 0, z: -29.667}
